<ENVELOPE>
 <HEADER>
  <TALLYREQUEST>Import Data</TALLYREQUEST>
 </HEADER>
 <BODY>
  <IMPORTDATA>
   <REQUESTDESC>
    <REPORTNAME>Vouchers</REPORTNAME>
    <STATICVARIABLES>
     <SVCURRENTCOMPANY>Ortex Industries Private Limited</SVCURRENTCOMPANY>
    </STATICVARIABLES>
   </REQUESTDESC>
   <REQUESTDATA>
    <!-- Invoice 1: Standard Item Sales -->
    <TALLYMESSAGE xmlns:UDF="TallyUDF">
     <VOUCHER VCHTYPE="Sales" ACTION="Create" OBJVIEW="Accounting Voucher View">
      <DATE>20260705</DATE>
      <EFFECTIVEDATE>20260705</EFFECTIVEDATE>
      <VOUCHERTYPENAME>Sales</VOUCHERTYPENAME>
      <VOUCHERNUMBER>INV-TALLY-999</VOUCHERNUMBER>
      <PARTYLEDGERNAME>Acme Corp Ltd</PARTYLEDGERNAME>
      <PARTYNAME>Acme Corp Ltd</PARTYNAME>
      <STATENAME>Maharashtra</STATENAME>
      <ADDRESS>123 Business Park, Bandra East, Mumbai</ADDRESS>
      <PARTYGSTIN>27AACCA1234F1Z1</PARTYGSTIN>
      <PERSISTEDVIEW>Accounting Voucher View</PERSISTEDVIEW>
      
      <ALLLEDGERENTRIES.LIST>
       <LEDGERNAME>Acme Corp Ltd</LEDGERNAME>
       <ISDEEMEDPOSITIVE>Yes</ISDEEMEDPOSITIVE>
       <AMOUNT>-11800.00</AMOUNT>
      </ALLLEDGERENTRIES.LIST>
      
      <ALLINVENTORYENTRIES.LIST>
       <STOCKITEMNAME>Custom Acrylic Badge</STOCKITEMNAME>
       <BILLEDQTY>200 pcs</BILLEDQTY>
       <RATE>50.00/pcs</RATE>
       <AMOUNT>-10000.00</AMOUNT>
      </ALLINVENTORYENTRIES.LIST>
      
      <ALLLEDGERENTRIES.LIST>
       <LEDGERNAME>Sales</LEDGERNAME>
       <ISDEEMEDPOSITIVE>No</ISDEEMEDPOSITIVE>
       <AMOUNT>10000.00</AMOUNT>
      </ALLLEDGERENTRIES.LIST>
      
      <ALLLEDGERENTRIES.LIST>
       <LEDGERNAME>CGST @ 9%</LEDGERNAME>
       <ISDEEMEDPOSITIVE>No</ISDEEMEDPOSITIVE>
       <AMOUNT>900.00</AMOUNT>
      </ALLLEDGERENTRIES.LIST>
      
      <ALLLEDGERENTRIES.LIST>
       <LEDGERNAME>SGST @ 9%</LEDGERNAME>
       <ISDEEMEDPOSITIVE>No</ISDEEMEDPOSITIVE>
       <AMOUNT>900.00</AMOUNT>
      </ALLLEDGERENTRIES.LIST>
     </VOUCHER>
    </TALLYMESSAGE>
    
    <!-- Invoice 2: Inter-state Sales -->
    <TALLYMESSAGE xmlns:UDF="TallyUDF">
     <VOUCHER VCHTYPE="Sales" ACTION="Create" OBJVIEW="Accounting Voucher View">
      <DATE>20260704</DATE>
      <EFFECTIVEDATE>20260704</EFFECTIVEDATE>
      <VOUCHERTYPENAME>Sales</VOUCHERTYPENAME>
      <VOUCHERNUMBER>INV-TALLY-888</VOUCHERNUMBER>
      <PARTYLEDGERNAME>Tech Innovators Corp</PARTYLEDGERNAME>
      <PARTYNAME>Tech Innovators Corp</PARTYNAME>
      <STATENAME>Karnataka</STATENAME>
      <ADDRESS>45 Tech Park, Electronic City, Bengaluru</ADDRESS>
      <PARTYGSTIN>29AACCB5678H2Z2</PARTYGSTIN>
      <PERSISTEDVIEW>Accounting Voucher View</PERSISTEDVIEW>
      
      <ALLLEDGERENTRIES.LIST>
       <LEDGERNAME>Tech Innovators Corp</LEDGERNAME>
       <ISDEEMEDPOSITIVE>Yes</ISDEEMEDPOSITIVE>
       <AMOUNT>-23600.00</AMOUNT>
      </ALLLEDGERENTRIES.LIST>
      
      <ALLINVENTORYENTRIES.LIST>
       <STOCKITEMNAME>Custom Printed Lanyards</STOCKITEMNAME>
       <BILLEDQTY>500 pcs</BILLEDQTY>
       <RATE>40.00/pcs</RATE>
       <AMOUNT>-20000.00</AMOUNT>
      </ALLINVENTORYENTRIES.LIST>
      
      <ALLLEDGERENTRIES.LIST>
       <LEDGERNAME>Sales</LEDGERNAME>
       <ISDEEMEDPOSITIVE>No</ISDEEMEDPOSITIVE>
       <AMOUNT>20000.00</AMOUNT>
      </ALLLEDGERENTRIES.LIST>
      
      <ALLLEDGERENTRIES.LIST>
       <LEDGERNAME>IGST @ 18%</LEDGERNAME>
       <ISDEEMEDPOSITIVE>No</ISDEEMEDPOSITIVE>
       <AMOUNT>3600.00</AMOUNT>
      </ALLLEDGERENTRIES.LIST>
     </VOUCHER>
    </TALLYMESSAGE>
   </REQUESTDATA>
  </IMPORTDATA>
 </BODY>
</ENVELOPE>
